@article{DK76,
  author  = {Knuth, Donald}, 
  title   = {The Art of Computer Programming},
  journal = {Journal of Recreational Mathematics},
  year    = 1976,
  number  = 1,
  pages   = {2--7},
  month   = 2,
  volume  = 9
}

@article{HdfsDefaults,
author = {Apache Foundation},
title = {Hadoop Distributed File System Default Settings},
howpublished = "\url{http://hadoop.apache.org/docs/current/hadoop-project-dist/hadoop-hdfs/hdfs-default.xml}",
year = {2016},
note = "[Online; accessed 3-May-2016]"
}