@article{DK76,
  author  = {Knuth, Donald}, 
  title   = {The Art of Computer Programming},
  journal = {Journal of Recreational Mathematics},
  year    = 1976,
  number  = 1,
  pages   = {2--7},
  month   = 2,
  volume  = 9
}

@article{HdfsDefaults,
author = {Apache Foundation},
title = {Hadoop Distributed File System Default Settings},
howpublished = "\url{http://hadoop.apache.org/docs/current/hadoop-project-dist/hadoop-hdfs/hdfs-default.xml}",
year = {2016},
note = "[Online; accessed 3-May-2016]"
}

@article{HdfsGuide,
author = {Apache Foundation},
title = {{HDFS} Architecture Guide},
howpublished = "\url{https://hadoop.apache.org/docs/r1.2.1/hdfs_design.html}",
year = {2016},
note = "[Online; accessed 3-May-2016]"
}

@article{HdfsGuide,
author = {Apache Foundation},
title = {{HDFS} Architecture Guide},
howpublished = "\url{https://hadoop.apache.org/docs/r1.2.1/hdfs_design.html}",
year = {2016},
note = "[Online; accessed 3-May-2016]"
}


@article{HdfsArch,
author = {Chansler, Robert and Kuang, Hairong and Radia, Sanjay and Shvachko, Konstantin  and Srinivas, Suresh},
title = {The Hadoop Distributed File System},
howpublished = "\url{http://www.aosabook.org/en/hdfs.html}",
year = {2016},
note = "[Online; accessed 3-May-2016]"
}

@article{HdfsScale,
author = {Shvachko, Konstantin},
title = {{HDFS} scalability: The limits to growth},
howpublished = "\url{https://www.usenix.org/legacy/publications/login/2010-04/openpdfs/shvachko.pdf}",
year = {2010},
note = "[Online; accessed 3-May-2016]"
}

@article{CalvinFS,
author = {Thomson, Alexander and  Abadi, Daniel J.},
title = {{CalvinFS}: Consistent {WAN} Replication and Scalable Metadata Management for Distributed File Systems},
howpublished = "\url{http://cs-www.cs.yale.edu/homes/dna/papers/calvinfs.pdf}",
year = {2015},
note = "[Online; accessed 3-May-2016]"
}

@article{Federation,
author = {Radia, Sanjay and Srinivas, Suresh},
title = {Scaling {HDFS} cluster using Namenode Federation},
howpublished = "\url{https://issues.apache.org/jira/secure/attachment/12453067/high-level-design.pdf}",
year = {2010},
note = "[Online; accessed 3-May-2016]"
}

